@article{DBLP:journals/tse/OliveiraF13,
  author    = {Jos{\'{e}} Nuno Oliveira and
               Miguel Alexandre Ferreira},
  title     = {Alloy Meets the Algebra of Programming: {A} Case Study},
  journal   = {{IEEE} Trans. Software Eng.},
  volume    = {39},
  number    = {3},
  pages     = {305--326},
  year      = {2013},
  url       = {http://doi.ieeecomputersociety.org/10.1109/TSE.2012.15},
  doi       = {10.1109/TSE.2012.15},
  timestamp = {Thu, 18 Apr 2013 16:41:59 +0200},
  biburl    = {http://dblp.uni-trier.de/rec/bib/journals/tse/OliveiraF13},
  bibsource = {dblp computer science bibliography, http://dblp.org}
}
